<record><leader>00000cas a22000001  4500</leader><controlfield tag="001">32357025</controlfield><controlfield tag="007">hd afb016baca</controlfield><controlfield tag="007">hd bfb016baaa</controlfield><controlfield tag="008">950424d18651870nyuwr n a     0    0eng c</controlfield><datafield ind1=" " ind2=" " tag="010"><subfield code="a">sn 94083939 </subfield></datafield><datafield ind1=" " ind2=" " tag="040"><subfield code="a">NN</subfield><subfield code="b">eng</subfield><subfield code="c">RQM</subfield><subfield code="d">OCLCQ</subfield><subfield code="d">OCLCF</subfield><subfield code="d">OCLCO</subfield></datafield><datafield ind1=" " ind2=" " tag="012"><subfield code="i">9503</subfield></datafield><datafield ind1="1" ind2=" " tag="029"><subfield code="a">AU@</subfield><subfield code="b">000025370846</subfield></datafield><datafield ind1=" " ind2=" " tag="042"><subfield code="a">pcc</subfield></datafield><datafield ind1=" " ind2=" " tag="043"><subfield code="a">n-us---</subfield></datafield><datafield ind1="0" ind2="4" tag="245"><subfield code="a">The Commercial &amp; financial chronicle, bankers' gazette, commercial times, railway monitor, and insurance journal</subfield><subfield code="h">[microform].</subfield></datafield><datafield ind1="3" ind2="0" tag="246"><subfield code="a">Commercial and financial chronicle, bankers' gazette, commercial times, railway monitor, and insurance journal</subfield></datafield><datafield ind1=" " ind2=" " tag="260"><subfield code="a">New York,</subfield><subfield code="b">William B. Dana &amp; Co.</subfield></datafield><datafield ind1=" " ind2=" " tag="300"><subfield code="a">v.</subfield><subfield code="c">31 cm.</subfield></datafield><datafield ind1=" " ind2=" " tag="310"><subfield code="a">Weekly</subfield></datafield><datafield ind1="0" ind2=" " tag="362"><subfield code="a">v. 1-11, no. 288; 1865-Dec. 31, 1870.</subfield></datafield><datafield ind1=" " ind2=" " tag="500"><subfield code="a">"A weekly newspaper, representing the industrial and commercial interests of the United States."</subfield></datafield><datafield ind1=" " ind2=" " tag="533"><subfield code="a">Microfilm.</subfield><subfield code="m">v.1-11,no. 288 (July 1865-Dec. 31,1870) On film with related titles.</subfield><subfield code="b">New York :</subfield><subfield code="c">New York Public Library,</subfield><subfield code="d">[197u?].</subfield><subfield code="e">8 microfilm reels ; 35 mm.</subfield></datafield><datafield ind1=" " ind2="0" tag="650"><subfield code="a">Banks and banking</subfield><subfield code="v">Periodicals.</subfield></datafield><datafield ind1=" " ind2="0" tag="650"><subfield code="a">Banks and banking</subfield><subfield code="z">United States</subfield><subfield code="v">Periodicals.</subfield></datafield><datafield ind1=" " ind2="0" tag="650"><subfield code="a">Finance</subfield><subfield code="v">Periodicals.</subfield></datafield><datafield ind1=" " ind2="0" tag="650"><subfield code="a">Finance</subfield><subfield code="z">United States</subfield><subfield code="v">Periodicals.</subfield></datafield><datafield ind1=" " ind2="0" tag="650"><subfield code="a">Railroads</subfield><subfield code="z">United States</subfield><subfield code="x">Finance</subfield><subfield code="v">Periodicals.</subfield></datafield><datafield ind1=" " ind2="0" tag="650"><subfield code="a">Securities</subfield><subfield code="v">Periodicals.</subfield></datafield><datafield ind1=" " ind2="0" tag="650"><subfield code="a">Street-railroads</subfield><subfield code="z">United States</subfield><subfield code="v">Periodicals.</subfield></datafield><datafield ind1=" " ind2="7" tag="655"><subfield code="a">Periodicals.</subfield><subfield code="2">fast</subfield><subfield code="0">(OCoLC)fst01411641</subfield></datafield><datafield ind1=" " ind2="7" tag="650"><subfield code="a">Banks and banking.</subfield><subfield code="2">fast</subfield><subfield code="0">(OCoLC)fst00826867</subfield></datafield><datafield ind1=" " ind2="7" tag="650"><subfield code="a">Finance.</subfield><subfield code="2">fast</subfield><subfield code="0">(OCoLC)fst00924349</subfield></datafield><datafield ind1=" " ind2="7" tag="650"><subfield code="a">Railroads</subfield><subfield code="x">Finance.</subfield><subfield code="2">fast</subfield><subfield code="0">(OCoLC)fst01088964</subfield></datafield><datafield ind1=" " ind2="7" tag="650"><subfield code="a">Securities.</subfield><subfield code="2">fast</subfield><subfield code="0">(OCoLC)fst01110743</subfield></datafield><datafield ind1=" " ind2="7" tag="650"><subfield code="a">Street-railroads.</subfield><subfield code="2">fast</subfield><subfield code="0">(OCoLC)fst01134731</subfield></datafield><datafield ind1=" " ind2="7" tag="651"><subfield code="a">United States.</subfield><subfield code="2">fast</subfield><subfield code="0">(OCoLC)fst01204155</subfield></datafield><datafield ind1="1" ind2=" " tag="776"><subfield code="c">Original</subfield><subfield code="w">(OCoLC)6168905</subfield></datafield><datafield ind1="0" ind2="0" tag="780"><subfield code="t">Merchants' magazine and commercial review</subfield></datafield><datafield ind1="0" ind2="0" tag="785"><subfield code="t">Commercial and financial chronicle and Hunt's merchant's magazine</subfield><subfield code="w">(DLC)sn 94083940</subfield></datafield><datafield ind1=" " ind2=" " tag="850"><subfield code="a">NN</subfield><subfield code="a">NN (master)</subfield></datafield></record>